<?xml version="1.0" encoding="UTF-8"?><collection xmlns="http://www.loc.gov/MARC21/slim"><record><leader>00785nam--2200217-i-4500</leader><controlfield tag="001">000026514</controlfield><controlfield tag="002">20161230</controlfield><controlfield tag="005">20170206084122</controlfield><controlfield tag="008">060222s1000------------r-----000-0-eng-d</controlfield><datafield ind1=" " ind2=" " tag="040"><subfield code="a">IFIN-HH</subfield></datafield><datafield ind1=" " ind2=" " tag="080"><subfield code="a">539.163</subfield></datafield><datafield ind1="1" ind2=" " tag="100"><subfield code="a">Johnston, J.E</subfield></datafield><datafield ind1="1" ind2="0" tag="245"><subfield code="a">Radioisotope conference 1954</subfield><subfield code="b">Volume 1 and 2 proceedings of the second conference Oxford, 19-23 July</subfield><subfield code="c">J.E. Johnston (ed.) assisted by R.A. Faires, R.J. Millett</subfield></datafield><datafield ind1=" " ind2=" " tag="260"><subfield code="a">London</subfield><subfield code="b">Butterworths Scientific Publications</subfield><subfield code="c">1954</subfield></datafield><datafield ind1=" " ind2=" " tag="300"><subfield code="a">2 VOLUMES</subfield></datafield><datafield ind1=" " ind2=" " tag="490"><subfield code="a">Proceedings</subfield></datafield><datafield ind1="1" ind2=" " tag="700"><subfield code="a">Millett, R.J</subfield></datafield><datafield ind1="1" ind2=" " tag="787"><subfield code="a">Volume I</subfield><subfield code="h">418p</subfield><subfield code="t">Medical And Physiological Applications</subfield></datafield><datafield ind1=" " ind2=" " tag="787"><subfield code="a">Volume II</subfield><subfield code="h">Xii+223p.with Fig</subfield><subfield code="t">Physical Sciences And Industrial Applications</subfield></datafield><datafield ind1=" " ind2=" " tag="852"><subfield code="a">10009</subfield><subfield code="c">539.163</subfield></datafield><datafield ind1=" " ind2=" " tag="CAT"><subfield code="a">SYS</subfield><subfield code="c">20170206</subfield><subfield code="h">084122</subfield></datafield></record></collection>